<record><leader>00000cas a22000007a 4500</leader><controlfield tag="001">26374668</controlfield><controlfield tag="008">920811c19909999aruwr ne      0    0eng d</controlfield><datafield ind1=" " ind2=" " tag="010"><subfield code="a">sn 92050149 </subfield></datafield><datafield ind1=" " ind2=" " tag="040"><subfield code="a">ANU</subfield><subfield code="b">eng</subfield><subfield code="c">ANU</subfield><subfield code="d">OCLCQ</subfield></datafield><datafield ind1=" " ind2=" " tag="042"><subfield code="a">msc</subfield></datafield><datafield ind1="0" ind2=" " tag="130"><subfield code="a">Reporter (Searcy, Ark.)</subfield></datafield><datafield ind1="1" ind2="4" tag="245"><subfield code="a">The Reporter.</subfield></datafield><datafield ind1=" " ind2=" " tag="260"><subfield code="a">Searcy, AR :</subfield><subfield code="b">White County Pub. Co.</subfield></datafield><datafield ind1=" " ind2=" " tag="300"><subfield code="a">v.</subfield></datafield><datafield ind1=" " ind2=" " tag="310"><subfield code="a">Weekly</subfield></datafield><datafield ind1="0" ind2=" " tag="362"><subfield code="a">Vol. 1, no. 9 (May 30, 1990)-</subfield></datafield><datafield ind1=" " ind2="4" tag="651"><subfield code="a">Searcy (Ark.)</subfield><subfield code="v">Newspapers.</subfield></datafield><datafield ind1=" " ind2="4" tag="651"><subfield code="a">White County (Ark.)</subfield><subfield code="v">Newspapers.</subfield></datafield><datafield ind1=" " ind2=" " tag="752"><subfield code="a">United States</subfield><subfield code="b">Arkansas</subfield><subfield code="c">White</subfield><subfield code="d">Searcy.</subfield></datafield><datafield ind1="0" ind2="0" tag="780"><subfield code="t">White County reporter</subfield><subfield code="w">(DLC)sn 92050148</subfield></datafield><datafield ind1="1" ind2=" " tag="029"><subfield code="a">AU@</subfield><subfield code="b">000020703733</subfield></datafield></record>